@misc{baker66,
  title={Stellar Evolution.(ed.) RF Stein and AG W. Cameron},
  author={Baker, N},
  year={1966},
  publisher={Plenum Press, New York},
  note={pag. 333}
}

@book{chandra61,
    author    = "S. Chandrasekhar",
    title     = "Hydrodynamics and hydromagnetic stability.",
    year      = "1961",
    publisher = "Oxford",
}

@article{CD76,
  title={On isolated stars in non-radial oscillation},
  author={Christensen-Dalsgaard, J},
  journal={Monthly Notices of the Royal Astronomical Society},
  volume={174},
  pages={87--90},
  year={1976}
}

@article{CDG76,
  title={Towards a heliological inverse problem},
  author={Christensen-Dalsgaard, J and Gough, DO},
  journal={Nature},
  volume={259},
  pages={89--92},
  year={1976}
}

@book{CG68v1,
  title={Principles of Stellar Structure. Vol. 1: Physical Principles},
  author={Cox, John P and Giuli, R Thomas},
  year={1968},
  publisher={New York}
}
@book{CG68v2,
  title={Principles of Stellar Structure. Vol. 2: Applications to Stars},
  author={Cox, John P and Giuli, R Thomas},
  year={1968},
  publisher={New York}
}

@book{c80,
  title={Theory of stellar pulsation},
  author={Cox, John P and Giuli, R Thomas},
  year={1968},
  publisher={New York}
}

@article{dit7870min,
  title={An observational search for solar pulsations at periods from 7 to 70 minutes},
  author={Dittmer, PH},
  journal={The Astrophysical Journal},
  volume={224},
  pages={265--275},
  year={1978}
}

@book{E26,
  author =       "Eddington",
   title="The internal constitution of the stars",
   publisher="Cambridge press",
   year=1926
}

@article{E18a,
  title={The problem of the Cepheid variables},
  author={EDDiNGTON, Arthur Stanley},
  journal={Monthly Notices of the Royal Astronomical Society},
  volume={79},
  pages={2},
  year={1918}
}

@article{E18b,
  title={Stars, Gaseous, On the pulsations of a gaseous star},
  author={Eddington, AS},
  journal={Monthly Notices of the Royal Astronomical Society},
  volume={79},
  pages={2--22},
  year={1918}
}

@article{H78,
  title={The new solar physics},
  author={Hill, HA and Eddy, JA},
  journal={Westview, Boulder},
  pages={135},
  year={1978}
}
@book{HD79,
  title={Nonradial and nonlinear stellar pulsation: proceedings of a workshop held at the University of Arizona in Tucson, March 12-16, 1979},
  author={Hill, Henry Allen and Dziembowski, Wojciech A},
  volume={125},
  year={1980},
  publisher={Springer}
}

@article{J28,
  title={Astronomy and cosmogony, ed},
  author={Jeans, JH},
  journal={JH Jeans},
  year={1928}
}

@article{LW58,
 author="Ledoux, Walraven", 
title={Variable Stars},
url={http://dx.doi.org/10.1007/978-3-642-45908-5_6},
publisher={Springer Berlin Heidelberg},
journal="Handbuch der Physik",
year=1958,
volume=51
}

@book{R49,
    author    = "Rosseland",
    title     = "The pulsation theory of variable stars",
    year      = "1949",
    publisher = "Oxford",
}

@article{rudd70,
  title={A simple model for Cepheid variability.},
  author={Rudd, TJ and Rosenberg, RM},
  journal={Astronomy and Astrophysics},
  volume={6},
  pages={193--205},
  year={1970}
}
 
@article{S14,
authors= "Shapley",
title= "On the Nature and Cause of Cepheid Variation",
journal= "Astrophysical Journal, vol. 40, p.448"
}

@article{stell72,
  title={Luminosity Variation in the One-Zone Cepheid Model},
  author={Stellingwerf, RF},
  journal={Astronomy and Astrophysics},
  volume={21},
  pages={91},
  year={1972}
}

@article{stell74ap,
  title={The calculation of periodic pulsations of stellar models},
  author={Stellingwerf, RF},
  journal={The Astrophysical Journal},
  volume={192},
  pages={139--146},
  year={1974}
}

@article{usher68,
  title={Non-Linear Pulsations of Discrete Stellar Models. I. First-Order Asymptotic Theory of the One-Zone Model},
  author={Usher, Peter D and Whitney, Charles A},
  journal={The Astrophysical Journal},
  volume={154},
  pages={203},
  year={1968}
}