@incollection{aer08current,
  title={The current status of asteroseismology},
  author={Aerts, Conny and Christensen-Dalsgaard, J{\o}rgen and Cunha, M and Kurtz, Donald W},
  booktitle={Helioseismology, Asteroseismology, and MHD Connections},
  pages={3--20},
  year={2008},
  publisher={Springer}
}

@article{basu2016global,
  title={Global seismology of the Sun},
  author={Basu, Sarbani},
  journal={Living Reviews in Solar Physics},
  volume={13},
  number={1},
  pages={2},
  year={2016},
  publisher={Springer}
}


@article{cun07asteroseismology,
  title={Asteroseismology and interferometry},
  author={Cunha, Margarida S and Aerts, Conny and Christensen-Dalsgaard, J{\o}rgen and Baglin, A and Bigot, Lionel and Brown, TM and Catala, C and Creevey, OL and De Souza, A Domiciano and Eggenberger, P and others},
  journal={The Astronomy and Astrophysics Review},
  volume={14},
  number={3-4},
  pages={217--360},
  year={2007},
  publisher={Springer}
}

@MISC{dal03notes,
    author = {J{\o}rgen Christensen-Dalsgaard},
    title = {Lecture Notes on Stellar Oscillations},
    year = {2003},
    url={http://users-phys.au.dk/jcd/oscilnotes/}
}

@misc{coronalseism,
title={Coronal seismology},
url={https://en.wikipedia.org/wiki/Coronal_seismology},
journal={Wikipedia},
year={2016}
}