@article{chandrasekhar1956axisymmetric,
  title={Axisymmetric Magnetic Fields and Fluid Motions.},
  author={Chandrasekhar, S},
  journal={The Astrophysical Journal},
  volume={124},
  pages={232},
  year={1956}
}

@article{chandrasekhar1956force,
  title={On force-free magnetic fields},
  author={Chandrasekhar, S},
  journal={Proceedings of the National Academy of Sciences},
  volume={42},
  number={1},
  pages={1--5},
  year={1956},
  publisher={National Acad Sciences}
}

@article{ichimaru1987statistical,
  title={Statistical physics of dense plasmas: Thermodynamics, transport coefficients and dynamic correlations},
  author={Ichimaru, Setsuo and Iyetomi, Hiroshi and Tanaka, Shigenori},
  journal={Physics Reports},
  volume={149},
  number={2-3},
  pages={91--205},
  year={1987},
  publisher={Elsevier}
}


@article{lan59fluid,
  title={Fluid mechanics. 1959},
  author={Landau, LD and Lifshitz, EM},
  journal={Course of Theoretical Physics},
  year={1959}
}

@article{mathis2004transport,
  title={Transport and mixing in the radiation zones of rotating stars-I. Hydrodynamical processes},
  author={Mathis, S and Zahn, J-P},
  journal={Astronomy \& Astrophysics},
  volume={425},
  number={1},
  pages={229--242},
  year={2004},
  publisher={EDP Sciences}
}


@book{pit12kinetics,
  title={Physical kinetics},
  author={Pitaevskii, LP and Lifshitz, EM},
  volume={10},
  year={2012},
  publisher={Butterworth-Heinemann}
}

@article{schatzman1993transport,
  title={Transport of angular momentum and diffusion by the action of internal waves},
  author={Schatzman, Evry},
  journal={Astronomy and Astrophysics},
  volume={279},
  pages={431--446},
  year={1993}
}

@article{tol63waves,
  title={The theory of waves in stratified fluids including the effects of gravity and rotation},
  author={Tolstoy, Ivan},
  journal={Reviews of Modern Physics},
  volume={35},
  number={1},
  pages={207},
  year={1963},
  publisher={APS}
}