@misc{1_flowchart | tikz example_2016,
url={http://www.texample.net/tikz/examples/flowchart/},
urldate={2016-10-11},
journal={Texample.net},
year={2016}
}