@article{antia2000sun,
  title={The Sun's acoustic asphericity and magnetic fields in the solar convection zone},
  author={Antia, HM and Chitre, SM and Thompson, MJ},
  journal={arXiv preprint astro-ph/0005587},
  year={2000}
}

@article{antia2001solar,
  title={Solar-cycle variation of the sound-speed asphericity from GONG and MDI data 1995--2000},
  author={Antia, HM and Basu, S and Hill, F and Howe, R and Komm, RW and Schou, J},
  journal={Monthly Notices of the Royal Astronomical Society},
  volume={327},
  number={3},
  pages={1029--1040},
  year={2001},
  publisher={Oxford University Press}
}

@article{baldner2009solar,
  title={Solar Magnetic Field Signatures in Helioseismic Splitting Coefficients},
  author={Baldner, Charles S and Antia, HM and Basu, Sarbani and Larson, Timothy P},
  journal={The Astrophysical Journal},
  volume={705},
  number={2},
  pages={1704},
  year={2009},
  publisher={IOP Publishing}
}

@article{banerjee1995influence,
  title={The Influence of a Vertical Magnetic Field on Oscillations in an Isothermal Stratified Atmosphere. II.},
  author={Banerjee, Dipankar and Hasan, SS and Christensen-Dalsgaard, J},
  journal={The Astrophysical Journal},
  volume={451},
  pages={825},
  year={1995}
}

@article{brown1989inferring,
  title={Inferring the Sun's internal angular velocity from observed p-mode frequency splittings},
  author={Brown, Timothy M and Christensen-Dalsgaard, Jorgen and Dziembowski, Wojciech A and Goode, Philip and Gough, Douglas O and Morrow, Cherilynn A},
  journal={The Astrophysical Journal},
  volume={343},
  pages={526--546},
  year={1989}
}

@article{chandrasekhar1954pulsation,
  title={On the Pulsation of a Star in which There is a Prevalent Magnetic Field.},
  author={Chandrasekhar, S and Limber, D Nelson},
  journal={The Astrophysical Journal},
  volume={119},
  pages={10},
  year={1954}
}

@article{chandrasekhar1953problems,
  title={Problems of Gravitational Stability in the Presence of a Magnetic Field.},
  author={Chandrasekhar, Subrahmanyan and Fermi, Enrico},
  journal={The Astrophysical Journal},
  volume={118},
  pages={116},
  year={1953}
}

@article{chaplin1996solar,
  title={Solar core rotation: low-degree solar p-mode rotational splitting results from BiSON},
  author={Chaplin, WJ and Elsworth, Y and Howe, R and Isaak, GR and McLeod, CP and Miller, BA and New, R},
  journal={Monthly Notices of the Royal Astronomical Society},
  volume={280},
  number={3},
  pages={849--853},
  year={1996},
  publisher={Oxford University Press}
}

@article{cowling1945sun,
  title={On the Sun's general magnetic field},
  author={Cowling, TG},
  journal={Monthly Notices of the Royal Astronomical Society},
  volume={105},
  number={3},
  pages={166--174},
  year={1945},
  publisher={Oxford University Press}
}

@article{couvidat2003rotation,
  title={The rotation of the deep solar layers},
  author={Couvidat, Sebastian and Garc{\'\i}a, RA and Turck-Chieze, S and Corbard, T and Henney, CJ and Jim{\'e}nez-Reyes, S},
  journal={The Astrophysical Journal Letters},
  volume={597},
  number={1},
  pages={L77},
  year={2003},
  publisher={IOP Publishing}
}

@article{duvall1984internal,
  title={Internal rotation of the Sun},
  author={Duvall, TL and Dziembowski, WA and Goode, PR and Gough, DO and Harvey, JW and Leibacher, JW},
  year={1984},
  publisher={Nature Publishing Group}
}

@article{dziembowski1989toroidal,
  title={The toroidal magnetic field inside the sun},
  author={Dziembowski, WA and Goode, Philip R},
  journal={The Astrophysical Journal},
  volume={347},
  pages={540--550},
  year={1989}
}

@article{elsworth1990variation,
  title={Variation of low-order acoustic solar oscillations over the solar cycle},
  author={Elsworth, Y and Howe, R and Isaak, GR and McLeod, CP and New, R},
  journal={Nature},
  volume={345},
  number={6273},
  pages={322--324},
  year={1990},
  publisher={Nature Publishing Group}
}

@article{ferraro1937non,
  title={The non-uniform rotation of the sun and its magnetic field},
  author={Ferraro, Vincent CA},
  journal={Monthly Notices of the Royal Astronomical Society},
  volume={97},
  pages={458},
  year={1937}
}

@article{gough1984influence,
  title={Influence of rotation and magnetic fields on stellar oscillation eigenfrequencies},
  author={Gough, DO and Taylor, PP},
  journal={Memorie della Societa Astronomica Italiana},
  volume={55},
  pages={215--226},
  year={1984}
}

@article{gough1990effect,
  title={The effect of rotation and a buried magnetic field on stellar oscillations},
  author={Gough, DO and Thompson, MJ},
  journal={Monthly Notices of the Royal Astronomical Society},
  volume={242},
  number={1},
  pages={25--55},
  year={1990},
  publisher={Oxford University Press}
}

@article{gio78magnetic,
year={1978},
journal={Solar Physics},
volume={59},
number={1},
title={Motions in solar magnetic tubes},
url={http://dx.doi.org/10.1007/BF00154931},
publisher={Kluwer Academic Publishers},
author={Giovanelli, R.G. and Nikolsky, G.M. and Harvey, J.W.},
pages={49-64},
}

@article{gough1998inevitability,
  title={Inevitability of a magnetic field in the Sun's radiative interior},
  author={Gough, DO and McIntyre, ME},
  journal={Nature},
  volume={394},
  number={6695},
  pages={755--757},
  year={1998},
  publisher={Nature Publishing Group}
}

@article{gough1982evidence,
  title={Evidence for an oblique magnetic solar rotator},
  author={Gough, DO},
  year={1982},
  publisher={Nature Publishing Group}
}

@article{hale1908probable,
  title={On the probable existence of a magnetic field in sun-spots},
  author={Hale, George E},
  journal={The astrophysical journal},
  volume={28},
  pages={315},
  year={1908}
}

@article{isaak1982sun,
  title={Is the Sun an oblique magnetic rotator?},
  author={Isaak, GR},
  journal={Nature},
  volume={296},
  number={5853},
  pages={130--131},
  year={1982},
  publisher={Nature Publishing Group}
}

@incollection{isaak1986linewidth,
  title={Linewidth and rotational splitting of low degree modes in the 5 minute region},
  author={Isaak, GR},
  booktitle={Seismology of the Sun and the Distant Stars},
  pages={223--228},
  year={1986},
  publisher={Springer}
}

@article{kumar1999angular,
  title={Angular momentum redistribution by waves in the Sun},
  author={Kumar, Pawan and Talon, Suzanne and Zahn, Jean-Paul},
  journal={The Astrophysical Journal},
  volume={520},
  number={2},
  pages={859},
  year={1999},
  publisher={IOP Publishing}
}

@article{lin1999granular,
  title={The granular magnetic fields of the quiet Sun},
  author={Lin, Haosheng and Rimmele, Thomas},
  journal={The Astrophysical Journal},
  volume={514},
  number={1},
  pages={448},
  year={1999},
  publisher={IOP Publishing}
}

@article{schou1992resolving,
  title={The resolving power of current helioseismic inversions for the Sun's internal rotation},
  author={Schou, J and Christensen-Dalsgaard, J and Thompson, MJ},
  journal={The Astrophysical Journal},
  volume={385},
  pages={L59--L62},
  year={1992}
}

@article{schou1998helioseismic,
  title={Helioseismic studies of differential rotation in the solar envelope by the solar oscillations investigation using the Michelson Doppler Imager},
  author={Schou, J and Antia, HM and Basu, S and Bogart, RS and Bush, RI and Chitre, SM and Christensen-Dalsgaard, J and Di Mauro, MP and Dziembowski, WA and Eff-Darwich, A and others},
  journal={The Astrophysical Journal},
  volume={505},
  number={1},
  pages={390},
  year={1998},
  publisher={IOP Publishing}
}

@article{schou2002comparison,
  title={A comparison of solar p-mode parameters from the Michelson Doppler Imager and the Global Oscillation Network Group: splitting coefficients and rotation inversions},
  author={Schou, J and Howe, R and Basu, S and Christensen-Dalsgaard, J and Corbard, T and Hill, F and Komm, R and Larsen, RM and Rabello-Soares, MC and Thompson, MJ},
  journal={The Astrophysical Journal},
  volume={567},
  number={2},
  pages={1234},
  year={2002},
  publisher={IOP Publishing}
}

@article{tassoul1968adiabatic,
  title={Adiabatic Pulsations and Convective Instability of Gaseous Masses - III},
  author={Tassoul, Fean Louis and Ferraro, VCA},
  journal={Monthly Notices of the Royal Astronomical Society},
  volume={138},
  number={1},
  pages={123--136},
  year={1968},
  publisher={Oxford University Press}
}

@article{turck2009dynamics,
  title={The Dynamics perspective including the observation of the deep solar magnetism},
  author={Turck-Chi{\`e}ze, S},
  journal={EAS Publications Series},
  volume={39},
  pages={69--82},
  year={2009},
  publisher={EDP Sciences}
}

@incollection{ulrich1986solar,
  title={Solar internal stresses: rotation and magnetic fields},
  author={Ulrich, Roger K},
  booktitle={Physics of the Sun},
  pages={161--175},
  year={1986},
  publisher={Springer}
}
