@article{alf47granulation,
  title={Granulation, magneto-hydrodynamic waves, and the heating of the solar corona},
  author={Alfv{\'e}n, Hannes and Lindblad, B},
  journal={Monthly Notices of the Royal Astronomical Society},
  volume={107},
  number={2},
  pages={211--219},
  year={1947},
  publisher={Oxford University Press}
}

@article{and75nonadiabatic,
  title={Nonadiabatic nonradial oscillations-an application to the five-minute oscillation of the sun},
  author={Ando, Hiroyasu and Osaki, Yoji},
  journal={Publications of the Astronomical Society of Japan},
  volume={27},
  pages={581--603},
  year={1975}
}

@article{appourchaux2000observational,
  title={Observational upper limits to low-degree solar g-modes},
  author={Appourchaux, T and Fr{\"o}hlich, C and Andersen, B and Berthomieu, G and Chaplin, WJ and Elsworth, Y and Finsterle, W and Gough, DO and Hoeksema, JT and Isaak, GR and others},
  journal={The Astrophysical Journal},
  volume={538},
  number={1},
  pages={401},
  year={2000},
  publisher={IOP Publishing}
}

@article{appourchaux1998art,
  title={The art of fitting p-mode spectra-I. Maximum likelihood estimation},
  author={Appourchaux, Thierry and Gizon, Laurent and Rabello-Soares, M-C},
  journal={Astronomy and Astrophysics Supplement Series},
  volume={132},
  number={1},
  pages={107--119},
  year={1998},
  publisher={EDP Sciences}
}

@article{bro76oscillations,
  title={Observation of free oscillations of the Sun},
  author={Brookes, JR and Isaak, GR and Van der Raay, HB},
  journal={Nature},
  volume={259},
  pages={92--95},
  year={1976}
}

@article{cla79solar,
  title={Solar structure from global studies of the 5-minute oscillation},
  author={Claverie, A and Isaak, GR and McLeod, CP and Van der Raay, HB and Cortes, T Roca},
  year={1979},
  publisher={Nature Publishing Group}
}

@article{chr92solar,
  title={Solar oscillations and the equation of state},
  author={Christensen-Dalsgaard, J{\o}rgen and D{\"a}ppen, Werner},
  journal={The Astronomy and Astrophysics Review},
  volume={4},
  number={3},
  pages={267--361},
  year={1992},
  publisher={Springer}
}

@article{christensen1982interpretation,
  title={On the interpretation of five-minute oscillations in solar spectrum line shifts},
  author={Christensen-Dalsgaard, J and Gough, DO},
  journal={Monthly Notices of the Royal Astronomical Society},
  volume={198},
  number={1},
  pages={141--171},
  year={1982},
  publisher={Oxford University Press}
}

@article{christensen1983radiative,
  title={Radiative transfer and solar oscillations},
  author={Christensen-Dalsgaard, J{\o}rgen and Frandsen, S{\o}ren},
  journal={Solar Physics},
  volume={82},
  number={1-2},
  pages={165--204},
  year={1983},
  publisher={Springer}
}

@article{deu79solar,
  title={Solar p-mode oscillations as a tracer of radial differential rotation},
  author={Deubner, F-L and Ulrich, Roger K and Rhodes Jr, EJ},
  journal={Astronomy and Astrophysics},
  volume={72},
  pages={177--185},
  year={1979}
}

@article{deu75observations,
  title={Observations of low wavenumber nonradial eigenmodes of the Sun},
  author={Deubner, F-L},
  journal={Astronomy and Astrophysics},
  volume={44},
  pages={371--375},
  year={1975}
}

@article{duv82dispersion,
  title={A dispersion law for solar oscillations},
  author={Duvall, Thomas L},
  year={1982},
  publisher={Nature Publishing Group}
}


@article{hill78long,
  title={Long-period oscillations of the apparent solar diameter-Observations},
  author={Brown, TM and Stebbins, RT and Hill, HA},
  journal={The Astrophysical Journal},
  volume={223},
  pages={324--338},
  year={1978}
}

@article{jain1996influence,
  title={The influence of magnetism on p-mode surface amplitudes},
  author={Jain, Rekha and Hindman, Bradley W and Zweibel, Ellen G},
  journal={The Astrophysical Journal},
  volume={464},
  pages={476},
  year={1996}
}

@incollection{jor81sun,
  title={The Sun as a star},
  author={Leibacher, JW and Stein, RF and Jordan, S},
  booktitle={NASA-CNRS Monograph Series on Nonthermal Phenomena in Stellar Atmospheres,},
  pages={263--287},
  year={1981}
}

@article{lei62velocity,
  title={Velocity Fields in the Solar Atmosphere. I. Preliminary Report.},
  author={Leighton, Robert B and Noyes, Robert W and Simon, George W},
  journal={The Astrophysical Journal},
  volume={135},
  pages={474},
  year={1962}
}

@article{mathur2007characteristics,
  keyword={rotation,g-modes},
  title={On the characteristics of the solar gravity mode frequencies},
  author={Mathur, S and Turck-Chi{\'e}ze, S and Couvidat, S and Garcia, RAz},
  journal={The Astrophysical Journal},
  volume={668},
  number={1},
  pages={594},
  year={2007},
  publisher={IOP Publishing}
}

@article{ste74waves,
  title={Waves in the solar atmosphere},
  author={Stein, Robert F and Leibacher, John},
  journal={Annual Review of Astronomy and Astrophysics},
  volume={12},
  pages={407--435},
  year={1974}
}

@article{thiery2000analysis,
  title={Analysis of asymmetric p-mode profiles in GOLF data},
  author={Thiery, S and Boumier, P and Gabriel, AH and Bertello, L and Lazrek, M and Garc{\'\i}a, RA and Grec, G and Robillot, JM and Roca Cort{\'e}s, T and Turck-Chi{\`e}ze, S and others},
  journal={Astronomy and Astrophysics},
  volume={355},
  pages={743--750},
  year={2000}
}

@article{turck1997first,
  title={First view of the solar core from GOLF acoustic modes},
  author={Turck-Chieze, S and Basu, S and Brun, AS and Christensen-Dalsgaard, J and Eff-Darwich, A and Lopes, I and Hern{\'a}ndez, F P{\'e}rez and Berthomieu, G and Provost, J and Ulrich, RK and others},
  journal={Solar Physics},
  volume={175},
  number={2},
  pages={247--265},
  year={1997},
  publisher={Springer}
}
