@article{adelberger1998solar,
  title={Solar fusion cross sections},
  author={Adelberger, Eric G and Austin, Sam M and Bahcall, John N and Balantekin, AB and Bogaert, Gilles and Brown, Lowell S and Buchmann, Lothar and Cecil, F Edward and Champagne, Arthur E and De Braeckeleer, Ludwig and others},
  journal={Reviews of Modern Physics},
  volume={70},
  number={4},
  pages={1265},
  year={1998},
  publisher={APS}
}

@article{bah95solar,
  title={Solar models with helium and heavy-element diffusion},
  author={Bahcall, John N and Pinsonneault, MH and Wasserburg, GJ},
  journal={Reviews of Modern Physics},
  volume={67},
  number={4},
  pages={781},
  year={1995},
  publisher={APS}
}

@article{bahcall1982standard,
  title={Standard solar models and the uncertainties in predicted capture rates of solar neutrinos},
  author={Bahcall, John N and Huebner, Walter F and Lubow, Stephen H and Parker, Peter D and Ulrich, Roger K},
  journal={Reviews of Modern Physics},
  volume={54},
  number={3},
  pages={767},
  year={1982},
  publisher={APS}
}

@article{brun2011modeling,
  title={Modeling the dynamical coupling of solar convection with the radiative interior},
  author={Brun, Allan Sacha and Miesch, Mark S and Toomre, Juri},
  journal={The Astrophysical Journal},
  volume={742},
  number={2},
  pages={79},
  year={2011},
  publisher={IOP Publishing}
}

@article{brun2006magnetic,
  title={Magnetic confinement of the solar tachocline},
  author={Brun, AS and Zahn, J-P},
  journal={Astronomy \& Astrophysics},
  volume={457},
  number={2},
  pages={665--674},
  year={2006},
  publisher={EDP Sciences}
}

@article{christensen2011more,
  title={A more realistic representation of overshoot at the base of the solar convective envelope as seen by helioseismology},
  author={Christensen-Dalsgaard, Joergen and Monteiro, MJPFG and Rempel, Matthias and Thompson, Michael J},
  journal={Monthly Notices of the Royal Astronomical Society},
  volume={414},
  number={2},
  pages={1158--1174},
  year={2011},
  publisher={Oxford University Press}
}

@article{christensen2008astec,
  title={ASTEC the Aarhus stellar evolution code},
  author={Christensen-Dalsgaard, J{\o}rgen},
  journal={Astrophysics and Space Science},
  volume={316},
  number={1-4},
  pages={13--24},
  year={2008},
  publisher={Springer}
}

@incollection{christensen1997effects,
  title={Effects of convection on the mean solar structure},
  author={Christensen-Dalsgaard, J{\o}Rgen},
  booktitle={SCOReâ€™96: Solar Convection and Oscillations and their Relationship},
  pages={3--22},
  year={1997},
  publisher={Springer}
}

 @article{talon2005hydrodynamical,
  title={Hydrodynamical stellar models including rotation, internal gravity waves, and atomic diffusion-I. Formalism and tests on Pop I dwarfs},
  author={Talon, Suzanne and Charbonnel, Corinne},
  journal={Astronomy \& Astrophysics},
  volume={440},
  number={3},
  pages={981--994},
  year={2005},
  publisher={EDP Sciences}
}

@article{talon2008transport,
  title={Transport processes in stars: diffusion, rotation, magnetic fields and internal waves}, 
  author={Talon, Suzanne},
  journal={EAS Publications Series},
  volume={32},
  pages={81--130},
  year={2008},
  publisher={EDP Sciences}
}

@article{tripathy1997opacity,
  title={Opacity effects on the solar interior. I. Solar structure},
  author={Tripathy, SC and Christensen-Dalsgaard, J},
  journal={arXiv preprint astro-ph/9709206},
  year={1997}
}