@book{ber03solar,
  title={Physics of the solar system: dynamics and evolution, space physics, and spacetime structure},
  author={Bertotti, Bruno and Farinella, Paolo and Vokrouhlick{\`y}, David},
  volume={293},
  year={2003},
  publisher={Springer Science \& Business Media}
}
