@book{edd26internal,
  title={The internal constitution of the stars},
  author={Eddington, Arthur S and Eddington, Arthur Stanley},
  year={1926},
  publisher={Cambridge University Press}
}

@book{han12stellar,
  title={Stellar interiors: physical principles, structure, and evolution},
  author={Hansen, Carl J and Kawaler, Steven D and Trimble, Virginia},
  year={2012},
  publisher={Springer Science \& Business Media}
}

 @article{talon2005hydrodynamical,
  title={Hydrodynamical stellar models including rotation, internal gravity waves, and atomic diffusion - I. Formalism and tests on Pop I dwarfs},
  keyword={rotation,internal gravity waves,atomic diffusion},
  author={Talon, Suzanne and Charbonnel, Corinne},
  journal={Astronomy \& Astrophysics},
  volume={440},
  number={3},
  pages={981--994},
  year={2005},
  publisher={EDP Sciences}
}