@article{bah95solar,
  title={Solar models with helium and heavy-element diffusion},
  author={Bahcall, John N and Pinsonneault, MH and Wasserburg, GJ},
  journal={Reviews of Modern Physics},
  volume={67},
  number={4},
  pages={781},
  year={1995},
  publisher={APS}
}

@article{bahcall1982standard,
  title={Standard solar models and the uncertainties in predicted capture rates of solar neutrinos},
  author={Bahcall, John N and Huebner, Walter F and Lubow, Stephen H and Parker, Peter D and Ulrich, Roger K},
  journal={Reviews of Modern Physics},
  volume={54},
  number={3},
  pages={767},
  year={1982},
  publisher={APS}
}

@article{basu2008helioseismology,
  title={Helioseismology and solar abundances},
  author={Basu, Sarbani and Antia, HM},
  journal={Physics Reports},
  volume={457},
  number={5},
  pages={217--283},
  year={2008},
  publisher={Elsevier}
}

@article{basu2000much,
  title={How much do helioseismological inferences depend on the assumed reference model?},
  author={Basu, Sarbani and Pinsonneault, MH and Bahcall, John N},
  journal={The Astrophysical Journal},
  volume={529},
  number={2},
  pages={1084},
  year={2000},
  publisher={IOP Publishing}
}

@article{brun2011modeling,
  title={Modeling the dynamical coupling of solar convection with the radiative interior},
  author={Brun, Allan Sacha and Miesch, Mark S and Toomre, Juri},
  journal={The Astrophysical Journal},
  volume={742},
  number={2},
  pages={79},
  year={2011},
  publisher={IOP Publishing}
}

@article{brun2006magnetic,
  title={Magnetic confinement of the solar tachocline},
  author={Brun, AS and Zahn, J-P},
  journal={Astronomy \& Astrophysics},
  volume={457},
  number={2},
  pages={665--674},
  year={2006},
  publisher={EDP Sciences}
}

@article{boothroyd2003our,
  title={Our Sun. IV. The standard model and helioseismology: consequences of uncertainties in input physics and in observed solar parameters},
  author={Boothroyd, Arnold I and Sackmann, I-Juliana},
  journal={The Astrophysical Journal},
  volume={583},
  number={2},
  pages={1004},
  year={2003},
  publisher={IOP Publishing}
}

@article{delahaye2006solar,
  title={The solar heavy-element abundances. I. Constraints from stellar interiors},
  author={Delahaye, Franck and Pinsonneault, MH},
  journal={The Astrophysical Journal},
  volume={649},
  number={1},
  pages={529},
  year={2006},
  publisher={IOP Publishing}
}

@article{naumov2011solar,
  title={Solar neutrinos. Astrophysical aspects},
  author={Naumov, VA},
  journal={Physics of Particles and Nuclei Letters},
  volume={8},
  number={7},
  pages={683--703},
  year={2011},
  publisher={Springer}
}

@article{nordlund2009solar,
  title={Solar surface convection},
  author={Nordlund, {\AA}ke and Stein, Robert F and Asplund, Martin},
  journal={Living Reviews in Solar Physics},
  volume={6},
  number={1},
  pages={1--117},
  year={2009},
  publisher={Springer}
}

@article{rogers2002updated,
  title={Updated and expanded OPAL equation-of-state tables: implications for helioseismology},
  author={Rogers, FJ and Nayfonov, A},
  journal={The Astrophysical Journal},
  volume={576},
  number={2},
  pages={1064},
  year={2002},
  publisher={IOP Publishing}
}

@article{talon2008transport,
  title={Transport processes in stars: diffusion, rotation, magnetic fields and internal waves}, 
  author={Talon, Suzanne},
  journal={EAS Publications Series},
  volume={32},
  pages={81--130},
  year={2008},
  publisher={EDP Sciences}
}