@article{gue89age,
  title={Age of the Sun},
  author={Guenther, DB},
  journal={The Astrophysical Journal},
  volume={339},
  pages={1156--1159},
  year={1989}
}