@article{cow41oscillations,
  title={The non-radial oscillations of polytropic stars},
  author={Cowling, TG},
  journal={Monthly Notices of the Royal Astronomical Society},
  volume={101},
  pages={367},
  year={1941}
}