@article{cas68phaselag,
  title={A simplified picture of the Cepheid phase lag},
  author={Castor, John I},
  journal={The Astrophysical Journal},
  volume={154},
  pages={793},
  year={1968}
}

@techreport{gau03history,
  title={The history of radial stellar pulsation theory},
  author={Gautschy, Alfred},
  year={2003},
  institution={ETH-Bibliothek (Z{\"u}rich)}
}

@article{hagen21variablestars,
  title={The astrophysical problem of variable stars},
  author={Hagen, JG},
  journal={Monthly Notices of the Royal Astronomical Society},
  volume={81},
  pages={226--228},
  year={1921}
}

@article{lea12periods,
  title={Periods of 25 Variable Stars in the Small Magellanic Cloud.},
  author={Leavitt, Henrietta S and Pickering, Edward C},
  journal={Harvard College Observatory Circular},
  volume={173},
  pages={1--3},
  year={1912}
}

@article{sha14nature,
  title={On the nature and cause of Cepheid variation},
  author={Shapley, Harlow},
  journal={The Astrophysical Journal},
  volume={40},
  pages={448},
  year={1914}
}

@article{zhe63variable,
  title={Physical basis of the pulsation theory of variable stars},
  author={Zhevakin, SA},
  journal={Annual Review of Astronomy and Astrophysics},
  volume={1},
  pages={367},
  year={1963}
}