@misc{alfvenwaves,
title={Alfv\'en waves},
url={https://en.wikipedia.org/wiki/Alfv%C3%A9n_wave},
journal={Wikipedia},
year={2016}
}

@article{banerjee1997effect,
  title={Effect of Newtonian cooling on waves in a magnetized isothermal atmosphere},
  author={Banerjee, Dipankar and Hasan, SS and Christensen-Dalsgaard, J},
  journal={Solar Physics},
  volume={172},
  number={1-2},
  pages={53--60},
  year={1997},
  publisher={Springer}
}

@article{barker2010internal,
  title={On internal wave breaking and tidal dissipation near the centre of a solar-type star},
  author={Barker, Adrian J and Ogilvie, Gordon I},
  journal={Monthly Notices of the Royal Astronomical Society},
  volume={404},
  number={4},
  pages={1849--1868},
  year={2010},
  publisher={Oxford University Press}
}



@inproceedings{cox1967linear,
  title={A. The Linear Theory: Initiation of Pulsational Instability in Stars},
  author={Cox, John P},
  booktitle={Symposium-International Astronomical Union},
  volume={28},
  pages={3--104},
  year={1967},
  organization={Cambridge Univ Press}
}

@article{hindman1996driven,
  title={Driven Acoustic Oscillations within a Vertical Magnetic Field},
  author={Hindman, Bradley W and Zweibel, Ellen G and Cally, PS},
  journal={The Astrophysical Journal},
  volume={459},
  pages={760},
  year={1996}
}

@article{hasan1992influence,
  title={The influence of a vertical magnetic field on oscillations in an isothermal stratified atmosphere},
  author={Hasan, SS and Christensen-Dalsgaard, J},
  journal={The Astrophysical Journal},
  volume={396},
  pages={311--332},
  year={1992}
}

@article{hindman1996driven,
  title={Driven Acoustic Oscillations within a Vertical Magnetic Field},
  author={Hindman, Bradley W and Zweibel, Ellen G and Cally, PS},
  journal={The Astrophysical Journal},
  volume={459},
  pages={760},
  year={1996}
}

@article{lam09waves,
  title={On the theory of waves propagated vertically in the atmosphere},
  author={Horace, Lamb},
  journal={Proceedings of the London Mathematical Society},
  volume={2},
  number={1},
  pages={122--141},
  year={1909},
  publisher={Oxford University Press}
}

@article{roberts1983effect,
  title={The effect of a weak magnetic field on stellar oscillations},
  author={Roberts, PH and Soward, AM},
  journal={Monthly Notices of the Royal Astronomical Society},
  volume={205},
  number={4},
  pages={1171--1189},
  year={1983},
  publisher={Oxford University Press}
}
